%YAML 1.1
%TAG !u! tag:unity3d.com,2011:
--- !u!114 &-7425877049248433037
MonoBehaviour:
  m_ObjectHideFlags: 0
  m_CorrespondingSourceObject: {fileID: 0}
  m_PrefabInstance: {fileID: 0}
  m_PrefabAsset: {fileID: 0}
  m_GameObject: {fileID: 0}
  m_Enabled: 1
  m_EditorHideFlags: 0
  m_Script: {fileID: 11500000, guid: ceb653cd98e289a4e8697a1af55201f2, type: 3}
  m_Name: event:/Ambience
  m_EditorClassIdentifier: 
  Path: event:/Ambience
  Guid:
    Data1: 2014487967
    Data2: 1200821173
    Data3: 1083907474
    Data4: 1053153679
  Banks:
  - {fileID: 5457133397230676598}
  IsStream: 1
  Is3D: 0
  IsOneShot: 1
  Parameters: []
  MinDistance: 1
  MaxDistance: 20
  Length: 41157
--- !u!114 &11400000
MonoBehaviour:
  m_ObjectHideFlags: 0
  m_CorrespondingSourceObject: {fileID: 0}
  m_PrefabInstance: {fileID: 0}
  m_PrefabAsset: {fileID: 0}
  m_GameObject: {fileID: 0}
  m_Enabled: 1
  m_EditorHideFlags: 0
  m_Script: {fileID: 11500000, guid: d32cf7c32a3ed8347bac48ef5ed56d82, type: 3}
  m_Name: FMODStudioCache
  m_EditorClassIdentifier: 
  EditorBanks:
  - {fileID: 687156421258681443}
  - {fileID: 6591603224825210864}
  - {fileID: 5457133397230676598}
  EditorEvents:
  - {fileID: 2462431994441628840}
  - {fileID: 6707132075539899677}
  - {fileID: 4174130824996305087}
  - {fileID: -7425877049248433037}
  EditorParameters: []
  MasterBanks:
  - {fileID: 6591603224825210864}
  StringsBanks:
  - {fileID: 687156421258681443}
  cacheTime: 637876064227322809
  cacheVersion: 10
--- !u!114 &687156421258681443
MonoBehaviour:
  m_ObjectHideFlags: 0
  m_CorrespondingSourceObject: {fileID: 0}
  m_PrefabInstance: {fileID: 0}
  m_PrefabAsset: {fileID: 0}
  m_GameObject: {fileID: 0}
  m_Enabled: 1
  m_EditorHideFlags: 0
  m_Script: {fileID: 11500000, guid: c18180ecb35941f4682ae60107b85b7c, type: 3}
  m_Name: bank:/Master.strings.bank
  m_EditorClassIdentifier: 
  Path: ../FMODSTUDIO/AudioFile/Build/Desktop/Master.strings.bank
  Name: Master.strings
  StudioPath: bank:/Master.strings
  lastModified: 637876064227322809
  FileSizes:
  - Name: Desktop
    Value: 932
  Exists: 1
--- !u!114 &2462431994441628840
MonoBehaviour:
  m_ObjectHideFlags: 0
  m_CorrespondingSourceObject: {fileID: 0}
  m_PrefabInstance: {fileID: 0}
  m_PrefabAsset: {fileID: 0}
  m_GameObject: {fileID: 0}
  m_Enabled: 1
  m_EditorHideFlags: 0
  m_Script: {fileID: 11500000, guid: ceb653cd98e289a4e8697a1af55201f2, type: 3}
  m_Name: event:/CarEngine
  m_EditorClassIdentifier: 
  Path: event:/CarEngine
  Guid:
    Data1: -804633755
    Data2: 1140730513
    Data3: 865108639
    Data4: 1303710125
  Banks:
  - {fileID: 5457133397230676598}
  IsStream: 1
  Is3D: 0
  IsOneShot: 0
  Parameters: []
  MinDistance: 1
  MaxDistance: 20
  Length: 10462
--- !u!114 &4174130824996305087
MonoBehaviour:
  m_ObjectHideFlags: 0
  m_CorrespondingSourceObject: {fileID: 0}
  m_PrefabInstance: {fileID: 0}
  m_PrefabAsset: {fileID: 0}
  m_GameObject: {fileID: 0}
  m_Enabled: 1
  m_EditorHideFlags: 0
  m_Script: {fileID: 11500000, guid: ceb653cd98e289a4e8697a1af55201f2, type: 3}
  m_Name: event:/Beep
  m_EditorClassIdentifier: 
  Path: event:/Beep
  Guid:
    Data1: -1453822590
    Data2: 1166586075
    Data3: 1252947589
    Data4: -214610217
  Banks:
  - {fileID: 5457133397230676598}
  IsStream: 0
  Is3D: 0
  IsOneShot: 1
  Parameters: []
  MinDistance: 1
  MaxDistance: 20
  Length: 2000
--- !u!114 &5457133397230676598
MonoBehaviour:
  m_ObjectHideFlags: 0
  m_CorrespondingSourceObject: {fileID: 0}
  m_PrefabInstance: {fileID: 0}
  m_PrefabAsset: {fileID: 0}
  m_GameObject: {fileID: 0}
  m_Enabled: 1
  m_EditorHideFlags: 0
  m_Script: {fileID: 11500000, guid: c18180ecb35941f4682ae60107b85b7c, type: 3}
  m_Name: bank:/Car.bank
  m_EditorClassIdentifier: 
  Path: ../FMODSTUDIO/AudioFile/Build/Desktop/Car.bank
  Name: Car
  StudioPath: bank:/Car
  lastModified: 637876064227312596
  FileSizes:
  - Name: Desktop
    Value: 883328
  Exists: 1
--- !u!114 &6591603224825210864
MonoBehaviour:
  m_ObjectHideFlags: 0
  m_CorrespondingSourceObject: {fileID: 0}
  m_PrefabInstance: {fileID: 0}
  m_PrefabAsset: {fileID: 0}
  m_GameObject: {fileID: 0}
  m_Enabled: 1
  m_EditorHideFlags: 0
  m_Script: {fileID: 11500000, guid: c18180ecb35941f4682ae60107b85b7c, type: 3}
  m_Name: bank:/Master.bank
  m_EditorClassIdentifier: 
  Path: ../FMODSTUDIO/AudioFile/Build/Desktop/Master.bank
  Name: Master
  StudioPath: bank:/Master
  lastModified: 637874463219372234
  FileSizes:
  - Name: Desktop
    Value: 1036
  Exists: 1
--- !u!114 &6707132075539899677
MonoBehaviour:
  m_ObjectHideFlags: 0
  m_CorrespondingSourceObject: {fileID: 0}
  m_PrefabInstance: {fileID: 0}
  m_PrefabAsset: {fileID: 0}
  m_GameObject: {fileID: 0}
  m_Enabled: 1
  m_EditorHideFlags: 0
  m_Script: {fileID: 11500000, guid: ceb653cd98e289a4e8697a1af55201f2, type: 3}
  m_Name: event:/PoliceSiren
  m_EditorClassIdentifier: 
  Path: event:/PoliceSiren
  Guid:
    Data1: 1947146458
    Data2: 1231536215
    Data3: 789812665
    Data4: 573717337
  Banks:
  - {fileID: 5457133397230676598}
  IsStream: 1
  Is3D: 0
  IsOneShot: 0
  Parameters: []
  MinDistance: 1
  MaxDistance: 20
  Length: 14568
